@article{venturelli_2018_deciphering,
  author = {Venturelli, Ophelia S and Carr, Alex V and Fisher, Garth and Hsu, Ryan H and Lau, Rebecca and Bowen, Benjamin P and Hromada, Susan and Northen, Trent and Arkin, Adam P},
  month = {06},
  title = {Deciphering microbial interactions in synthetic human gut microbiome communities},
  doi = {10.15252/msb.20178157},
  volume = {14},
  year = {2018},
  journal = {Molecular Systems Biology}
}

@article{baniyounes_2020_covid19,
  author = {Bani Younes, Ahmad and Hasan, Zeaid},
  month = {05},
  pages = {3666},
  title = {COVID-19: Modeling, Prediction, and Control},
  doi = {10.3390/app10113666},
  urldate = {2020-07-13},
  volume = {10},
  year = {2020},
  journal = {Applied Sciences}
}

@article{haug_2020_ranking,
  author = {Haug, Nils and Geyrhofer, Lukas and Londei, Alessandro and Dervic, Elma and Desvars-Larrive, Am√©lie and Loreto, Vittorio and Pinior, Beate and Thurner, Stefan and Klimek, Peter},
  month = {11},
  title = {Ranking the effectiveness of worldwide COVID-19 government interventions},
  doi = {10.1038/s41562-020-01009-0},
  volume = {4},
  year = {2020},
  journal = {Nature Human Behaviour}
}